
@inproceedings{sivaram2024,
	address = {Denver CO USA},
	title = {Neural {Geometry} {Fields} {For} {Meshes}},
	isbn = {979-8-4007-0525-0},
	url = {https://dl.acm.org/doi/10.1145/3641519.3657399},
	doi = {10.1145/3641519.3657399},
	language = {en},
	urldate = {2025-04-12},
	booktitle = {Special {Interest} {Group} on {Computer} {Graphics} and {Interactive} {Techniques} {Conference} {Conference} {Papers} '24},
	publisher = {ACM},
	author = {Sivaram, Venkataram and Li, Tzu-Mao and Ramamoorthi, Ravi},
	month = jul,
	year = {2024},
	pages = {1--11}
}

@misc{pentapati2025,
	title = {Mesh {Compression} with {Quantized} {Neural} {Displacement} {Fields}},
	url = {http://arxiv.org/abs/2504.01027},
	doi = {10.48550/arXiv.2504.01027},
	language = {en},
	urldate = {2025-04-12},
	publisher = {arXiv},
	author = {Pentapati, Sai Karthikey and Phillips, Gregoire and Bovik, Alan C.},
	month = mar,
	year = {2025},
	note = {arXiv:2504.01027 [cs]},
	keywords = {Computer Science - Computer Vision and Pattern Recognition, Computer Science - Graphics}
}

@misc{ren2024,
	title = {{NeCGS}: {Neural} {Compression} for {3D} {Geometry} {Sets}},
	shorttitle = {{NeCGS}},
	url = {http://arxiv.org/abs/2405.15034},
	doi = {10.48550/arXiv.2405.15034},
	language = {en},
	urldate = {2025-04-12},
	publisher = {arXiv},
	author = {Ren, Siyu and Hou, Junhui and Wang, Wenping},
	month = nov,
	year = {2024},
	note = {arXiv:2405.15034 [cs]},
	keywords = {Computer Science - Computational Geometry}
}

@misc{postels2023,
	title = {{3D} {Compression} {Using} {Neural} {Fields}},
	url = {http://arxiv.org/abs/2311.13009},
	doi = {10.48550/arXiv.2311.13009},
	language = {en},
	urldate = {2025-04-12},
	publisher = {arXiv},
	author = {Postels, Janis and Strümpler, Yannick and Reichard, Klara and Gool, Luc Van and Tombari, Federico},
	month = nov,
	year = {2023},
	note = {arXiv:2311.13009 [cs]},
	keywords = {Computer Science - Computer Vision and Pattern Recognition}
}

@inproceedings{yang2023,
	address = {Sydney NSW Australia},
	title = {Geometry {Processing} with {Neural} {Fields}},
	isbn = {979-8-4007-0392-8},
	url = {https://dl.acm.org/doi/10.1145/3623053.3623365},
	doi = {10.1145/3623053.3623365},
	language = {en},
	urldate = {2025-04-12},
	booktitle = {{SIGGRAPH} {Asia} 2023 {Doctoral} {Consortium}},
	publisher = {ACM},
	author = {Yang, Guandao and Belongie, Serge and Hariharan, Bharath and Koltun, Vladlen},
	month = nov,
	year = {2023},
	pages = {1--5}
}

@misc{xie2022,
	title = {Neural {Fields} in {Visual} {Computing} and {Beyond}},
	url = {http://arxiv.org/abs/2111.11426},
	doi = {10.48550/arXiv.2111.11426},
	language = {en},
	urldate = {2025-04-12},
	publisher = {arXiv},
	author = {Xie, Yiheng and Takikawa, Towaki and Saito, Shunsuke and Litany, Or and Yan, Shiqin and Khan, Numair and Tombari, Federico and Tompkin, James and Sitzmann, Vincent and Sridhar, Srinath},
	month = apr,
	year = {2022},
	note = {arXiv:2111.11426 [cs]},
	keywords = {Computer Science - Machine Learning, Computer Science - Computer Vision and Pattern Recognition, Computer Science - Graphics},
	annote = {Comment: Equal advising: Vincent Sitzmann and Srinath Sridhar}
}

@misc{chen2023,
	title = {Neural {Progressive} {Meshes}},
	url = {http://arxiv.org/abs/2308.05741},
	doi = {10.48550/arXiv.2308.05741},
	language = {en},
	urldate = {2025-04-12},
	publisher = {arXiv},
	author = {Chen, Yun-Chun and Kim, Vladimir G. and Aigerman, Noam and Jacobson, Alec},
	month = aug,
	year = {2023},
	note = {arXiv:2308.05741 [cs]},
	keywords = {Computer Science - Artificial Intelligence, Computer Science - Machine Learning, Computer Science - Computer Vision and Pattern Recognition, Computer Science - Graphics},
	annote = {Comment: SIGGRAPH 2023}
}

@article{lescoat2020,
	title = {Spectral {Mesh} {Simplification}},
	volume = {39},
	issn = {0167-7055, 1467-8659},
	url = {https://onlinelibrary.wiley.com/doi/10.1111/cgf.13932},
	doi = {10.1111/cgf.13932},
	language = {en},
	number = {2},
	urldate = {2025-04-12},
	journal = {Computer Graphics Forum},
	author = {Lescoat, Thibault and Liu, Hsueh‐Ti Derek and Thiery, Jean‐Marc and Jacobson, Alec and Boubekeur, Tamy and Ovsjanikov, Maks},
	month = may,
	year = {2020},
	pages = {315--324}
}

@article{maglo2015,
	title = {{3D} {Mesh} {Compression}: {Survey}, {Comparisons}, and {Emerging} {Trends}},
	volume = {47},
	issn = {0360-0300, 1557-7341},
	shorttitle = {{3D} {Mesh} {Compression}},
	url = {https://dl.acm.org/doi/10.1145/2693443},
	doi = {10.1145/2693443},
	language = {en},
	number = {3},
	urldate = {2025-04-12},
	journal = {ACM Computing Surveys},
	author = {Maglo, Adrien and Lavoué, Guillaume and Dupont, Florent and Hudelot, Céline},
	month = apr,
	year = {2015},
	pages = {1--41}
}

@misc{wang2023,
	title = {{NeuS}: {Learning} {Neural} {Implicit} {Surfaces} by {Volume} {Rendering} for {Multi}-view {Reconstruction}},
	shorttitle = {{NeuS}},
	url = {http://arxiv.org/abs/2106.10689},
	doi = {10.48550/arXiv.2106.10689},
	language = {en},
	urldate = {2025-04-12},
	publisher = {arXiv},
	author = {Wang, Peng and Liu, Lingjie and Liu, Yuan and Theobalt, Christian and Komura, Taku and Wang, Wenping},
	month = feb,
	year = {2023},
	note = {arXiv:2106.10689 [cs]},
	keywords = {Computer Science - Computer Vision and Pattern Recognition, Computer Science - Graphics},
	annote = {Comment: 23 pages}
}

@misc{tretschk2021,
	title = {{PatchNets}: {Patch}-{Based} {Generalizable} {Deep} {Implicit} {3D} {Shape} {Representations}},
	shorttitle = {{PatchNets}},
	url = {http://arxiv.org/abs/2008.01639},
	doi = {10.48550/arXiv.2008.01639},
	language = {en},
	urldate = {2025-04-27},
	publisher = {arXiv},
	author = {Tretschk, Edgar and Tewari, Ayush and Golyanik, Vladislav and Zollhöfer, Michael and Stoll, Carsten and Theobalt, Christian},
	month = feb,
	year = {2021},
	note = {arXiv:2008.01639 [cs]},
	keywords = {Computer Science - Computer Vision and Pattern Recognition, Computer Science - Graphics},
	annote = {Comment: 25 pages, including supplementary material. Code: https://github.com/edgar-tr/patchnets Project page: https://gvv.mpi-inf.mpg.de/projects/PatchNets/}
}

@article{garland1997,
	title = {Surface simplification using quadric error metrics},
	language = {en},
	journal = {ACM Press/Addison-Wesley Publishing Co.},
	author = {Garland, Michael and Heckbert, Paul S},
	month = aug,
	year = {1997},
	pages = {209--216}
}

@article{bernardini1999,
	title = {The ball-pivoting algorithm for surface reconstruction},
	volume = {5},
	copyright = {https://ieeexplore.ieee.org/Xplorehelp/downloads/license-information/IEEE.html},
	issn = {1077-2626},
	url = {http://ieeexplore.ieee.org/document/817351/},
	doi = {10.1109/2945.817351},
	language = {en},
	number = {4},
	urldate = {2025-04-27},
	journal = {IEEE Transactions on Visualization and Computer Graphics},
	author = {Bernardini, F. and Mittleman, J. and Rushmeier, H. and Silva, C. and Taubin, G.},
	month = oct,
	year = {1999},
	pages = {349--359}
}

@article{kazhdan2006,
	title = {Poisson {Surface} {Reconstruction}},
	language = {en},
	journal = {Eurographics Association},
	author = {Kazhdan, Michael and Bolitho, Matthew and Hoppe, Hugues},
	month = jun,
	year = {2006},
	pages = {61--70}
}

@misc{park2019,
	title = {{DeepSDF}: {Learning} {Continuous} {Signed} {Distance} {Functions} for {Shape} {Representation}},
	shorttitle = {{DeepSDF}},
	url = {http://arxiv.org/abs/1901.05103},
	doi = {10.48550/arXiv.1901.05103},
	language = {en},
	urldate = {2025-04-27},
	publisher = {arXiv},
	author = {Park, Jeong Joon and Florence, Peter and Straub, Julian and Newcombe, Richard and Lovegrove, Steven},
	month = jan,
	year = {2019},
	note = {arXiv:1901.05103 [cs]},
	keywords = {Computer Science - Computer Vision and Pattern Recognition}
}

@misc{mescheder2019,
	title = {Occupancy {Networks}: {Learning} {3D} {Reconstruction} in {Function} {Space}},
	shorttitle = {Occupancy {Networks}},
	url = {http://arxiv.org/abs/1812.03828},
	doi = {10.48550/arXiv.1812.03828},
	language = {en},
	urldate = {2025-04-27},
	publisher = {arXiv},
	author = {Mescheder, Lars and Oechsle, Michael and Niemeyer, Michael and Nowozin, Sebastian and Geiger, Andreas},
	month = apr,
	year = {2019},
	note = {arXiv:1812.03828 [cs]},
	keywords = {Computer Science - Computer Vision and Pattern Recognition},
	annote = {Comment: To be presented at CVPR 2019. Supplementary material and code is available at http://avg.is.tuebingen.mpg.de/publications/occupancy-networks}
}

@article{lorensen1987,
	title = {Marching cubes: {A} high resolution {3D} surface construction algorithm},
	language = {en},
	number = {21},
	journal = {Association for Computing Machinery},
	author = {Lorensen, William E and Cline, Harvey E},
	month = jul,
	year = {1987}
}

@article{sitzmann2020,
	title = {Implicit {Neural} {Representations} with {Periodic} {Activation} {Functions}},
	language = {en},
	journal = {Curran Associates Inc.},
	author = {Sitzmann, Vincent and Martel, Julien N P and Bergman, Alexander W and Lindell, David B and Wetzstein, Gordon},
	month = dec,
	year = {2020}
}

@inproceedings{groueix2018,
	address = {Salt Lake City, UT, USA},
	title = {A {Papier}-{Mache} {Approach} to {Learning} {3D} {Surface} {Generation}},
	isbn = {978-1-5386-6420-9},
	url = {https://ieeexplore.ieee.org/document/8578128/},
	doi = {10.1109/CVPR.2018.00030},
	language = {en},
	urldate = {2025-04-27},
	booktitle = {2018 {IEEE}/{CVF} {Conference} on {Computer} {Vision} and {Pattern} {Recognition}},
	publisher = {IEEE},
	author = {Groueix, Thibault and Fisher, Matthew and Kim, Vladimir G. and Russell, Bryan C. and Aubry, Mathieu},
	month = jun,
	year = {2018},
	pages = {216--224}
}

@misc{sajnani2020,
	title = {{DRACO}: {Weakly} {Supervised} {Dense} {Reconstruction} {And} {Canonicalization} of {Objects}},
	shorttitle = {{DRACO}},
	url = {http://arxiv.org/abs/2011.12912},
	doi = {10.48550/arXiv.2011.12912},
	language = {en},
	urldate = {2025-04-27},
	publisher = {arXiv},
	author = {Sajnani, Rahul and Sanchawala, AadilMehdi and Jatavallabhula, Krishna Murthy and Sridhar, Srinath and Krishna, K. Madhava},
	month = nov,
	year = {2020},
	note = {arXiv:2011.12912 [cs]},
	keywords = {Computer Science - Artificial Intelligence, Computer Science - Computer Vision and Pattern Recognition, Computer Science - Robotics},
	annote = {Comment: Preprint. For project page and code, see https://aadilmehdis.github.io/DRACO-Project-Page/}
}

@misc{liu2020,
	title = {Neural {Subdivision}},
	url = {http://arxiv.org/abs/2005.01819},
	doi = {10.48550/arXiv.2005.01819},
	language = {en},
	urldate = {2025-05-04},
	publisher = {arXiv},
	author = {Liu, Hsueh-Ti Derek and Kim, Vladimir G. and Chaudhuri, Siddhartha and Aigerman, Noam and Jacobson, Alec},
	month = may,
	year = {2020},
	note = {arXiv:2005.01819 [cs]},
	keywords = {Computer Science - Machine Learning, Computer Science - Graphics},
	annote = {Comment: 16 pages},
}


@misc{kato2020,
	title = {Differentiable {Rendering}: {A} {Survey}},
	shorttitle = {Differentiable {Rendering}},
	url = {http://arxiv.org/abs/2006.12057},
	doi = {10.48550/arXiv.2006.12057},
	language = {en},
	urldate = {2025-05-11},
	publisher = {arXiv},
	author = {Kato, Hiroharu and Beker, Deniz and Morariu, Mihai and Ando, Takahiro and Matsuoka, Toru and Kehl, Wadim and Gaidon, Adrien},
	month = jul,
	year = {2020},
	note = {arXiv:2006.12057 [cs]},
	keywords = {Computer Science - Computer Vision and Pattern Recognition, Computer Science - Graphics}
}

@misc{niemeyer2020,
	title = {Differentiable {Volumetric} {Rendering}: {Learning} {Implicit} {3D} {Representations} without {3D} {Supervision}},
	shorttitle = {Differentiable {Volumetric} {Rendering}},
	url = {http://arxiv.org/abs/1912.07372},
	doi = {10.48550/arXiv.1912.07372},
	language = {en},
	urldate = {2025-05-11},
	publisher = {arXiv},
	author = {Niemeyer, Michael and Mescheder, Lars and Oechsle, Michael and Geiger, Andreas},
	month = mar,
	year = {2020},
	note = {arXiv:1912.07372 [cs]},
	keywords = {Computer Science - Machine Learning, Computer Science - Computer Vision and Pattern Recognition, Electrical Engineering and Systems Science - Image and Video Processing}
}


@article{burggraaff2018,
	title = {Studying bright variable stars with the {Multi}-site {All}-{Sky} {CAmeRA} ({MASCARA})},
	volume = {617},
	issn = {0004-6361, 1432-0746},
	url = {http://arxiv.org/abs/1806.02247},
	doi = {10.1051/0004-6361/201833142},
	language = {en},
	urldate = {2025-05-11},
	journal = {Astronomy \& Astrophysics},
	author = {Burggraaff, O. and Talens, G. J. J. and Spronck, J. and Lesage, A.-L. and Stuik, R. and Otten, G. P. P. L. and Eylen, V. Van and Pollacco, D. and Snellen, I. A. G.},
	month = sep,
	year = {2018},
	note = {arXiv:1806.02247 [astro-ph]},
	keywords = {Astrophysics - Solar and Stellar Astrophysics},
	pages = {A32},
	annote = {Comment: 23 pages, 22 figures, Accepted for publication in A\&A, tables and {\textgreater}3000 light curves will be available on CDS}
}


@misc{kingma2017,
	title = {Adam: {A} {Method} for {Stochastic} {Optimization}},
	shorttitle = {Adam},
	url = {http://arxiv.org/abs/1412.6980},
	doi = {10.48550/arXiv.1412.6980},
	language = {en},
	urldate = {2025-05-11},
	publisher = {arXiv},
	author = {Kingma, Diederik P. and Ba, Jimmy},
	month = jan,
	year = {2017},
	note = {arXiv:1412.6980 [cs]},
	keywords = {Computer Science - Machine Learning},
	annote = {Comment: Published as a conference paper at the 3rd International Conference for Learning Representations, San Diego, 2015}
}


@misc{mildenhall2020,
	title = {{NeRF}: {Representing} {Scenes} as {Neural} {Radiance} {Fields} for {View} {Synthesis}},
	shorttitle = {{NeRF}},
	url = {http://arxiv.org/abs/2003.08934},
	doi = {10.48550/arXiv.2003.08934},
	language = {en},
	urldate = {2025-05-06},
	publisher = {arXiv},
	author = {Mildenhall, Ben and Srinivasan, Pratul P. and Tancik, Matthew and Barron, Jonathan T. and Ramamoorthi, Ravi and Ng, Ren},
	month = aug,
	year = {2020},
	note = {arXiv:2003.08934 [cs]},
	keywords = {Computer Science - Computer Vision and Pattern Recognition, Computer Science - Graphics},
	annote = {Comment: ECCV 2020 (oral). Project page with videos and code: http://tancik.com/nerf}
}


@misc{niemeyer2020,
	title = {Differentiable {Volumetric} {Rendering}: {Learning} {Implicit} {3D} {Representations} without {3D} {Supervision}},
	shorttitle = {Differentiable {Volumetric} {Rendering}},
	url = {http://arxiv.org/abs/1912.07372},
	doi = {10.48550/arXiv.1912.07372},
	language = {en},
	urldate = {2025-05-11},
	publisher = {arXiv},
	author = {Niemeyer, Michael and Mescheder, Lars and Oechsle, Michael and Geiger, Andreas},
	month = mar,
	year = {2020},
	note = {arXiv:1912.07372 [cs]},
	keywords = {Computer Science - Machine Learning, Computer Science - Computer Vision and Pattern Recognition, Electrical Engineering and Systems Science - Image and Video Processing}
}


@misc{kingma2017,
	title = {Adam: {A} {Method} for {Stochastic} {Optimization}},
	shorttitle = {Adam},
	url = {http://arxiv.org/abs/1412.6980},
	doi = {10.48550/arXiv.1412.6980},
	language = {en},
	urldate = {2025-05-11},
	publisher = {arXiv},
	author = {Kingma, Diederik P. and Ba, Jimmy},
	month = jan,
	year = {2017},
	note = {arXiv:1412.6980 [cs]},
	keywords = {Computer Science - Machine Learning},
	annote = {Comment: Published as a conference paper at the 3rd International Conference for Learning Representations, San Diego, 2015}
}

@misc{liu2020,
	title = {Neural {Subdivision}},
	url = {http://arxiv.org/abs/2005.01819},
	doi = {10.48550/arXiv.2005.01819},
	language = {en},
	urldate = {2025-05-29},
	publisher = {arXiv},
	author = {Liu, Hsueh-Ti Derek and Kim, Vladimir G. and Chaudhuri, Siddhartha and Aigerman, Noam and Jacobson, Alec},
	month = may,
	year = {2020},
	note = {arXiv:2005.01819 [cs]},
	keywords = {Computer Science - Machine Learning, Computer Science - Graphics},
	annote = {Comment: 16 pages}
}

@article{nair2010,
	title = {Rectified {Linear} {Units} {Improve} {Restricted} {Boltzmann} {Machines}},
	language = {en},
	author = {Nair, Vinod and Hinton, Geoffrey E},
	year = {2010},
	isbn = {9781605589077},
	publisher = {Omnipress},
	address = {Madison, WI, USA},
	pages = {807-814},
	numpages = {8},
	location = {Haifa, Israel},
	series = {ICML'10}
}

@misc{hendrycks2023,
	title = {Gaussian {Error} {Linear} {Units} ({GELUs})},
	url = {http://arxiv.org/abs/1606.08415},
	doi = {10.48550/arXiv.1606.08415},
	language = {en},
	urldate = {2025-05-29},
	publisher = {arXiv},
	author = {Hendrycks, Dan and Gimpel, Kevin},
	month = jun,
	year = {2023},
	note = {arXiv:1606.08415 [cs]},
	keywords = {Computer Science - Machine Learning},
	annote = {Comment: Trimmed version of 2016 draft}
}


@misc{laine2020,
	title = {Modular {Primitives} for {High}-{Performance} {Differentiable} {Rendering}},
	url = {http://arxiv.org/abs/2011.03277},
	doi = {10.48550/arXiv.2011.03277},
	language = {en},
	urldate = {2025-05-29},
	publisher = {arXiv},
	author = {Laine, Samuli and Hellsten, Janne and Karras, Tero and Seol, Yeongho and Lehtinen, Jaakko and Aila, Timo},
	month = nov,
	year = {2020},
	note = {arXiv:2011.03277 [cs]},
	keywords = {Computer Science - Machine Learning, Computer Science - Computer Vision and Pattern Recognition, Computer Science - Graphics}
}

@misc{hasselgren2021,
	title = {Appearance-{Driven} {Automatic} {3D} {Model} {Simplification}},
	url = {http://arxiv.org/abs/2104.03989},
	doi = {10.48550/arXiv.2104.03989},
	language = {en},
	urldate = {2025-05-29},
	publisher = {arXiv},
	author = {Hasselgren, Jon and Munkberg, Jacob and Lehtinen, Jaakko and Aittala, Miika and Laine, Samuli},
	month = apr,
	year = {2021},
	note = {arXiv:2104.03989 [cs]},
	keywords = {Computer Science - Graphics}
}


@inproceedings{gu2002,
	address = {San Antonio Texas},
	title = {Geometry images},
	isbn = {978-1-58113-521-3},
	url = {https://dl.acm.org/doi/10.1145/566570.566589},
	doi = {10.1145/566570.566589},
	language = {en},
	urldate = {2025-05-25},
	booktitle = {Proceedings of the 29th annual conference on {Computer} graphics and interactive techniques},
	publisher = {ACM},
	author = {Gu, Xianfeng and Gortler, Steven J. and Hoppe, Hugues},
	month = jul,
	year = {2002},
	pages = {355--361}
}

@book{goodfellow2016,
author = {Goodfellow, Ian and Bengio, Yoshua and Courville, Aaron},
title = {Deep Learning},
year = {2016},
isbn = {0262035618},
publisher = {The MIT Press}
}